<record><leader>00000cas a2200000 a 4500</leader><controlfield tag="001">11535897</controlfield><controlfield tag="008">841231d19521965hiuwx ne      0    0jpnrd</controlfield><datafield ind1=" " ind2=" " tag="010"><subfield code="a">sn 84045358 </subfield></datafield><datafield ind1=" " ind2=" " tag="040"><subfield code="a">HUH</subfield><subfield code="b">eng</subfield><subfield code="c">HUH</subfield><subfield code="d">HWN</subfield><subfield code="d">OCL</subfield><subfield code="d">OCLCQ</subfield><subfield code="d">OCLCF</subfield><subfield code="d">OCLCO</subfield><subfield code="d">OCL</subfield></datafield><datafield ind1=" " ind2=" " tag="042"><subfield code="a">msc</subfield></datafield><datafield ind1=" " ind2=" " tag="043"><subfield code="a">n-us-hi</subfield></datafield><datafield ind1=" " ind2=" " tag="090"><subfield code="a">AN2</subfield><subfield code="b">.H34</subfield></datafield><datafield ind1="0" ind2=" " tag="130"><subfield code="a">Hawai mainichi shinbun (Honolulu, Hawaii)</subfield></datafield><datafield ind1="1" ind2="0" tag="245"><subfield code="a">Hawai mainichi shinbun =</subfield><subfield code="b">The Hawaii mainichi shinbun.</subfield></datafield><datafield ind1="3" ind2="1" tag="246"><subfield code="a">Hawaii mainichi shinbun</subfield></datafield><datafield ind1=" " ind2=" " tag="260"><subfield code="a">Hawai Honoruru-shi :</subfield><subfield code="b">Hawai Mainichi Shinbun Sha,</subfield><subfield code="c">1952-1965.</subfield></datafield><datafield ind1=" " ind2=" " tag="300"><subfield code="a">14 v. :</subfield><subfield code="b">ill. ;</subfield><subfield code="c">59 cm.</subfield></datafield><datafield ind1=" " ind2=" " tag="310"><subfield code="a">Weekly,</subfield><subfield code="b">1959-1965</subfield></datafield><datafield ind1=" " ind2=" " tag="321"><subfield code="a">Daily,</subfield><subfield code="b">1952-Oct. 1955</subfield></datafield><datafield ind1=" " ind2=" " tag="321"><subfield code="a">3 issues weekly (varies),</subfield><subfield code="b">Nov. 1955-1958</subfield></datafield><datafield ind1="1" ind2=" " tag="362"><subfield code="a">Began in 1952; ceased in Apr. 1965.</subfield><subfield code="z">cf. Matsuda, M. Japanese in Hawaii. Rev.</subfield></datafield><datafield ind1=" " ind2=" " tag="500"><subfield code="a">Editor: N. Kobayashi.</subfield></datafield><datafield ind1=" " ind2=" " tag="546"><subfield code="a">In Japanese.</subfield></datafield><datafield ind1=" " ind2=" " tag="588"><subfield code="a">Description based on: No. 97 (Dec. 23, 1952).</subfield></datafield><datafield ind1=" " ind2="0" tag="650"><subfield code="a">Japanese periodicals</subfield><subfield code="z">Hawaii.</subfield></datafield><datafield ind1=" " ind2="7" tag="650"><subfield code="a">Japanese periodicals.</subfield><subfield code="2">fast</subfield><subfield code="0">(OCoLC)fst00981888</subfield></datafield><datafield ind1=" " ind2="7" tag="651"><subfield code="a">Hawaii.</subfield><subfield code="2">fast</subfield><subfield code="0">(OCoLC)fst01208724</subfield></datafield><datafield ind1="1" ind2=" " tag="700"><subfield code="a">Kobayashi, Nisshu&#772;.</subfield></datafield><datafield ind1=" " ind2=" " tag="752"><subfield code="a">United States</subfield><subfield code="b">Hawaii</subfield><subfield code="c">Honolulu</subfield><subfield code="d">Honolulu.</subfield></datafield></record>